@article{Vapnik1991,
	author = {Vapnik, V.},
	title = {{Principles of Risk Minimization for Learning Theory}},
	journal = {Advances in Neural Information Processing Systems},
	volume = {4},
	year = {1991},
	url = {https://papers.nips.cc/paper/1991/hash/ff4d5fbbafdf976cfdc032e3bde78de5-Abstract.html}
}